<mx:record xmlns="http://www.w3.org/TR/xhtml1/strict" xmlns:mx="http://www.loc.gov/MARC21/slim" xmlns:xsi="http://www.w3.org/2001/XMLSchema-instance"><mx:leader>00000cz   2200000n  4500</mx:leader><mx:controlfield tag="001">oca06932469 </mx:controlfield><mx:controlfield tag="005">20060515133402.0</mx:controlfield><mx:controlfield tag="008">060404n| acannaabn          |n aaa     c</mx:controlfield><mx:datafield ind1=" " ind2=" " tag="010"><mx:subfield code="a">nr2006009268</mx:subfield></mx:datafield><mx:datafield ind1=" " ind2=" " tag="040"><mx:subfield code="a">UPB</mx:subfield><mx:subfield code="b">eng</mx:subfield><mx:subfield code="c">UPB</mx:subfield><mx:subfield code="d">DLC</mx:subfield></mx:datafield><mx:datafield ind1="1" ind2=" " tag="100"><mx:subfield code="a">Dexippus, Publius Herennius</mx:subfield></mx:datafield><mx:datafield ind1=" " ind2=" " tag="670"><mx:subfield code="a">Dexippi, Eunapii, Petri Patricii, Prisci, Malchi, Menandri Historiarum quae supersunt, 1829:</mx:subfield><mx:subfield code="b">p. xiv (Publius Herennius Dexippus)</mx:subfield></mx:datafield><mx:datafield ind1=" " ind2=" " tag="999"><mx:subfield code="a">169</mx:subfield></mx:datafield></mx:record>